
@article{dias14,
    author    = "Dias and Machado and Silva and Abreu",
    title     = "An Inverted Ant Colony Optimization approach to traffic",
    journal   = "Engineering Applications of Artificial Intelligence 36",
    pages    = "122-133",
    year      = "2014",

}

@article{jiang10,
    author    = "Jiang and Qingsong and Huang",
    title     = "An Improved Ant Colony Algorithm for Urban Transit Network Optimization",
    journal   = "Sixth International Conference on Natural Computation",
    year      = "2010",

}

@article{tripathi09,
    author    = "Tripathi and Kuriger and Wan",
    title     = "An Ant Based Simulation Optimization for Vehicle Routing Problem with Stochastic Demands",
    journal   = "Winter Simulation Conference",
    year      = "2009",

}

@article{salehi-nezhad07,
    author    = "Salehi-nezhad and Farrahi-Moghaddam",
    title     = "An Ant Based Algorithm Approach to Vehicle Navigation",
    journal   = "First Joint Congress on Fuzzy and Intelligent Systems Ferdowsi University of Mashhad, Iran",
    year      = "2007",

}

@article{hsiao04,
    author    = "Hsiao and Chuang and Chien",
    title     = "Ant Colony Optimization for Best Path Planning",
    journal   = "International Symposium on Communication and Information Techniques",
    year      = "2004",

}

@article{lucic03,
    author    = "Lucic and Teodorovic",
    title     = "Computing with bees: Attacking complex transportation engineering problems",
    journal   = "International Journal on Artificial Intelligence Tools",
    pages    = "375-394",
    year      = "2003",

}

@article{dorigo97,
    author    = "Dorigo and Gabardella",
    title     = "Ant colony system: A cooperative learning approach to the travelling salesman problem",
    journal   = "IEEE Transaction on Evolutionary Computation 1(1)",
    pages    = "53-66",
    year      = "1997",

}

@article{beni89,
    author    = "Beni and Wang",
    title     = "Swarm intelligence",
    journal   = "Proceedings of the Seventh Annual Meeting of the Robotics Society of Japan",
    pages    = "425–428",
    year      = "1989",
}

@unpublished{kofod2014,
	author = "Kofod-Petersen",
    title = "How to do a Structured Literature Review in computer science",
    year = "2014",
    month = "August",
    note = "\url{https://research.idi.ntnu.no/aimasters/files/SLR_HowTo.pdf}",
}

@book{vehiclerouting,
	author = "Ferrucci",
	title = "Pro-active Dynamic Vehicle Routing",
	year = "2013",
	publisher = "Springer Berlin Heidelberg",
	address = "Berlin, Heidelberg"
}

@misc{website:miljopakken,
	author = "Miljøpakken",
	title = "Miljøpakkens mål",
	month = "November",
	year = "2014",
	howpublished = "\url{http://miljopakken.no/om-miljoepakken/maal}"
}
